@article{AbedonHymanThomas2003,
  author = "Abedon, S. T. and Hyman, P. and Thomas, C.",
  year = "2003",
  title = "Experimental examination of bacteriophage latent-period evolution as a response to bacterial availability",
  journal = "Applied and Environmental Microbiology",
  volume = "69",
  pages = "7499--7506"
},

@misc{website:whatis-docker,
      author = "Docker, Inc.",
      title = "What is Docker? An open platform for distributed apps",
      month = "Janvier",
      year = "2015",
      url = "https://www.docker.com/whatisdocker/"
},
@misc{docker-py,
      author = "Docker, Inc.",
      title = "An API client for docker written in Python",
      month = "Janvier",
      year = "2015",
      url = "https://github.com/docker/docker-py"
},
@misc{dockerpybug,
      author = "Docker, Inc.",
      title = "Unable to stream container logs",
      month = "Ao√ªt",
      year = "2014",
      url = "https://github.com/docker/docker-py/issues/300"
},
@misc{mosquitto,
      author = "Mosquitto",
      title = "An Open Source MQTT v3.1/v3.1.1 Broker",
      month = "Janvier",
      year = "2015",
      url = "http://mosquitto.org/"
},
@misc{bug-mosquitto,
      author = "Eclipse Buzilla",
      title = "Fail to connect using client.connect",
      month = "Octobre",
      year = "2014",
      url = "https://bugs.eclipse.org/bugs/show_bug.cgi?format=multiple&id=446062"
},
