@article{AbedonHymanThomas2003,
  author = "Abedon, S. T. and Hyman, P. and Thomas, C.",
  year = "2003",
  title = "Experimental examination of bacteriophage latent-period evolution as a response to bacterial availability",
  journal = "Applied and Environmental Microbiology",
  volume = "69",
  pages = "7499--7506"
},

@misc{website:whatis-docker,
      author = "Docker, Inc.",
      title = "What is Docker? An open platform for distributed apps",
      month = "Janvier",
      year = "2015",
      url = "https://www.docker.com/whatisdocker/"
},
